@misc{surveysc,
      title={A Survey of Smart Contract Formal Specification and Verification}, 
      author={Palina Tolmach and Yi Li and Shang-Wei Lin and Yang Liu and Zengxiang Li},
      year=2021,
      eprint={2008.02712},
      archivePrefix={arXiv},
      primaryClass={cs.SE},
      url={https://arxiv.org/abs/2008.02712}, 
}

@InProceedings{scANDformalMethods,
author="Miller, Andrew
and Cai, Zhicheng
and Jha, Somesh",
editor="Margaria, Tiziana
and Steffen, Bernhard",
title="Smart Contracts and Opportunities for Formal Methods",
booktitle="Leveraging Applications of Formal Methods, Verification and Validation. Industrial Practice",
year="2018",
publisher="Springer International Publishing",
address="Cham",
pages="280--299",
isbn="978-3-030-03427-6"
}

@InProceedings{votingScheme,
author="Ghale, Milad K.
and Gor{\'e}, Rajeev
and Pattinson, Dirk",
editor="Krimmer, Robert
and Volkamer, Melanie
and Braun Binder, Nadja
and Kersting, Norbert
and Pereira, Olivier
and Sch{\"u}rmann, Carsten",
title="A Formally Verified Single Transferable Voting Scheme with Fractional Values",
booktitle="Electronic Voting",
year="2017",
publisher="Springer International Publishing",
address="Cham",
pages="163--182",
isbn="978-3-319-68687-5"
}

@InProceedings{homotallying,
author="Haines, Thomas
and Pattinson, Dirk
and Tiwari, Mukesh",
editor="Chakraborty, Supratik
and Navas, Jorge A.",
title="Verifiable Homomorphic Tallying for the Schulze Vote Counting Scheme",
booktitle="Verified Software. Theories, Tools, and Experiments",
year="2020",
publisher="Springer International Publishing",
address="Cham",
pages="36--53",
isbn="978-3-030-41600-3"
}

@article{BCEV,
author = {Jafar, Uzma and Aziz, Mohd and Shukur, Zarina},
year = {2021},
month = {08},
pages = {5874},
title = {Blockchain for Electronic Voting System—Review and Open Research Challenges},
volume = {21},
journal = {Sensors},
doi = {10.3390/s21175874}
}

@INPROCEEDINGS{PoSCoq,
  author={Thomsen, Søren Eller and Spitters, Bas},
  booktitle={2021 IEEE 34th Computer Security Foundations Symposium (CSF)}, 
  title={Formalizing Nakamoto-Style Proof of Stake}, 
  year={2021},
  volume={},
  number={},
  pages={1-15},
  keywords={Fault tolerance;Protocols;Semantics;Fault tolerant systems;Consensus algorithm;Safety;Blockchains},
  doi={10.1109/CSF51468.2021.00042}}

@misc{mixNets,
      author = {Thomas Haines and Rajeev Gore and Bhavesh Sharma},
      title = {Did you mix me? Formally Verifying Verifiable Mix Nets in Electronic Voting},
      howpublished = {Cryptology {ePrint} Archive, Paper 2020/1114},
      year = {2020},
      url = {https://eprint.iacr.org/2020/1114}
}

@techreport{rhoCalc,
  TITLE = {{$\rho$-Calculus. Its Syntax and Basic Properties}},
  AUTHOR = {Cirstea, Horatiu and Kirchner, Claude},
  URL = {https://inria.hal.science/inria-00098735},
  NOTE = {Rapport interne.},
  TYPE = {Intern report},
  NUMBER = {98-R-218 || cirstea98a},
  PAGES = {16 p},
  YEAR = {1998},
  PDF = {https://inria.hal.science/inria-00098735v1/file/98-R-218.pdf},
  HAL_ID = {inria-00098735},
  HAL_VERSION = {v1},
}

@online{rhoLang,
  author = {Rholang org},
  title = {Rholang Web Page},
  url = {https://rholang.org/tutorials/introduction/},
  urldate = {2024-11-12}
}

@online{bitcoin,
  author = {Satoshi Nakamoto},
  title = {Bitcoin: A Peer-toPeer Electronic Cash System},
  url = {https://bitcoin.org/bitcoin.pdf},
  urldate = {2024-11-12}
}

@online{ethereum,
  author = {Vitalik Buterin},
  title = {Ethereum: A Next-Generation Smart Contract and Decentralized Application Platform.},
  year ={2014},
  url = {https://ethereum.org/content/whitepaper/whitepaper-pdf/Ethereum_Whitepaper_-_Buterin_2014.pdf},
  urldate = {2024-11-12}
}

@INPROCEEDINGS{ETHVote,
  author={Jafar, Uzma and Aziz, Mohd Juzaiddin Ab and Shukur, Zarina and Hussain, Hafiz Adnan},
  booktitle={2022 International Conference on Cyber Resilience (ICCR)}, 
  title={A Cost-efficient and Scalable Framework for E-Voting System based on Ethereum Blockchain}, 
  year={2022},
  volume={},
  number={},
  pages={1-6},
  keywords={Sharding;Scalability;Memory;Throughput;Blockchains;Recording;Security;Voting;Blockchain;Security;Secure Electronic Voting;Ethereum;Bitcoin},
  doi={10.1109/ICCR56254.2022.9996026}}


@article{MIT,
    author = {Park, Sunoo and Specter, Michael and Narula, Neha and Rivest, Ronald L},
    title = "{Going from bad to worse: from Internet voting to blockchain voting}",
    journal = {Journal of Cybersecurity},
    volume = {7},
    number = {1},
    pages = {tyaa025},
    year = {2021},
    month = {02},
    issn = {2057-2085},
    doi = {10.1093/cybsec/tyaa025},
    url = {https://doi.org/10.1093/cybsec/tyaa025},
    eprint = {https://academic.oup.com/cybersecurity/article-pdf/7/1/tyaa025/42533672/tyaa025.pdf},
}